<record><leader>00833cam a2200253 a 4500</leader><controlfield tag="001">1359187</controlfield><controlfield tag="008">910226t19851980cu              1 p spa d</controlfield><datafield ind1=" " ind2=" " tag="010"><subfield code="a">   83103614</subfield></datafield><datafield ind1=" " ind2=" " tag="035"><subfield code="a">ocm70344003</subfield></datafield><datafield ind1=" " ind2=" " tag="040"><subfield code="a">DLC</subfield><subfield code="b">eng</subfield><subfield code="c">DLC</subfield></datafield><datafield ind1=" " ind2=" " tag="049"><subfield code="a">AEU</subfield><subfield code="b">eng</subfield></datafield><datafield ind1="0" ind2="0" tag="050"><subfield code="a">PQ7384</subfield><subfield code="b">.P595 1980</subfield></datafield><datafield ind1="0" ind2=" " tag="090"><subfield code="a">PQ 7384 P755 1985</subfield></datafield><datafield ind1="0" ind2="0" tag="245"><subfield code="a">Poes&#237;a social cubana.</subfield></datafield><datafield ind1=" " ind2=" " tag="260"><subfield code="a">La Habana, Cuba :</subfield><subfield code="b">Editorial Letras Cubanas,</subfield><subfield code="c">1985, c1980.</subfield></datafield><datafield ind1=" " ind2=" " tag="300"><subfield code="a">574 p. ;</subfield><subfield code="c">23 cm.</subfield></datafield><datafield ind1=" " ind2=" " tag="336"><subfield code="a">text</subfield><subfield code="b">txt</subfield><subfield code="2">rdacontent</subfield></datafield><datafield ind1=" " ind2=" " tag="337"><subfield code="a">unmediated</subfield><subfield code="b">n</subfield><subfield code="2">rdamedia</subfield></datafield><datafield ind1=" " ind2=" " tag="338"><subfield code="a">volume</subfield><subfield code="b">nc</subfield><subfield code="2">rdacarrier</subfield></datafield><datafield ind1=" " ind2=" " tag="500"><subfield code="a">Includes index.</subfield></datafield><datafield ind1=" " ind2=" " tag="596"><subfield code="a">38</subfield></datafield><datafield ind1=" " ind2="0" tag="650"><subfield code="a">Cuban poetry</subfield><subfield code="y">20th century.</subfield></datafield><datafield ind1="2" ind2=" " tag="710"><subfield code="a">Editorial Letras Cubanas.</subfield></datafield><datafield ind1=" " ind2=" " tag="926"><subfield code="a">PQ 7384 P755 1985</subfield><subfield code="w">LC</subfield><subfield code="c">1</subfield><subfield code="i">000035814847</subfield><subfield code="d">5/4/1999</subfield><subfield code="l">ON_SHELF</subfield><subfield code="m">UABARD</subfield><subfield code="n">2</subfield><subfield code="p">$150.00</subfield><subfield code="r">Y</subfield><subfield code="s">Y</subfield><subfield code="t">BOOK</subfield><subfield code="u">3/7/1991</subfield><subfield code="o">.STAFF. C0004693</subfield><subfield code="o">.STAFF. C0004693</subfield></datafield></record>